@ARTICLE{Haslam_408MHz_map,
   author = {{Haslam}, C.~G.~T. and {Salter}, C.~J. and {Stoffel}, H. and 
	{Wilson}, W.~E.},
    title = "{A 408 MHz all-sky continuum survey. II - The atlas of contour maps}",
  journal = {\aaps},
 keywords = {Astronomical Maps, Radio Astronomy, Ultrahigh Frequencies, Galactic Structure, Radio Telescopes, Relief Maps},
     year = 1982,
    month = jan,
   volume = 47,
    pages = {1},
   adsurl = {http://adsabs.harvard.edu/abs/1982A%26AS...47....1H},
  adsnote = {Provided by the SAO/NASA Astrophysics Data System}
}

@article{Liu_21cm_Fg,
author = {Liu, Adrian and Tegmark, Max}, 
title = {How well can we measure and understand foregrounds with 21-cm experiments?},
volume = {419}, 
number = {4}, 
pages = {3491-3504}, 
year = {2012}, 
doi = {10.1111/j.1365-2966.2011.19989.x}, 
URL = {http://mnras.oxfordjournals.org/content/419/4/3491.abstract}, 
eprint = {http://mnras.oxfordjournals.org/content/419/4/3491.full.pdf+html}, 
journal = {Monthly Notices of the Royal Astronomical Society} 
}

@article{Tegmark_CMB_spectra_wli,
  title = {How to measure CMB power spectra without losing information},
  author = {Tegmark, Max},
  journal = {Phys. Rev. D},
  volume = {55},
  issue = {10},
  pages = {5895--5907},
  numpages = {0},
  year = {1997},
  month = {May},
  publisher = {American Physical Society},
  doi = {10.1103/PhysRevD.55.5895},
  url = {http://link.aps.org/doi/10.1103/PhysRevD.55.5895}
}

@article{Tegmark_CMB_maps_wli,
  author={Max Tegmark},
  title={How to Make Maps from Cosmic Microwave Background Data without Losing Information},
  journal={The Astrophysical Journal Letters},
  volume={480},
  number={2},
  pages={L87},
  url={http://stacks.iop.org/1538-4357/480/i=2/a=L87},
  year={1997},
}

@ARTICLE{bowmanRogersMeasurement,
   author = {{Bowman}, J.~D. and {Rogers}, A.~E.~E.},
    title = "{A lower limit of {$\Delta$}z{\gt}0.06 for the duration of the reionization epoch}",
  journal = {Nature},
     year = 2010,
    month = dec,
   volume = 468,
    pages = {796-798},
      doi = {10.1038/nature09601},
   adsurl = {http://adsabs.harvard.edu/abs/2010Natur.468..796B},
  adsnote = {Provided by the SAO/NASA Astrophysics Data System}
}

@ARTICLE{rogersCalib,
   author = {{Rogers}, A.~E.~E. and {Bowman}, J.~D.},
    title = "{Absolute calibration of a wideband antenna and spectrometer for accurate sky noise temperature measurements}",
  journal = {Radio Science},
archivePrefix = "arXiv",
   eprint = {1209.1106},
 primaryClass = "astro-ph.IM",
 keywords = {antenna, calibration, spectrometer},
     year = 2012,
    month = aug,
   volume = 47,
      eid = {RS0K06},
    pages = {0},
      doi = {10.1029/2011RS004962},
   adsurl = {http://adsabs.harvard.edu/abs/2012RaSc...47.0K06R},
  adsnote = {Provided by the SAO/NASA Astrophysics Data System}
}

@ARTICLE{voytekSCIHI,
   author = {{Voytek}, T.~C. and {Natarajan}, A. and {J{\'a}uregui Garc{\'{\i}}a}, J.~M. and 
	{Peterson}, J.~B. and {L{\'o}pez-Cruz}, O.},
    title = "{Probing the Dark Ages at z \~{} 20: The SCI-HI 21 cm All-sky Spectrum Experiment}",
  journal = {\apjl},
archivePrefix = "arXiv",
   eprint = {1311.0014},
 primaryClass = "astro-ph.CO",
 keywords = {cosmology: observations, dark ages, reionization, first stars, methods: observational, radio continuum: general},
     year = 2014,
    month = feb,
   volume = 782,
      eid = {L9},
    pages = {L9},
      doi = {10.1088/2041-8205/782/1/L9},
   adsurl = {http://adsabs.harvard.edu/abs/2014ApJ...782L...9V},
  adsnote = {Provided by the SAO/NASA Astrophysics Data System}
}

@ARTICLE{BernardiLEDA,
   author = {{Bernardi}, G. and {McQuinn}, M. and {Greenhill}, L.~J.},
    title = "{Foreground Model and Antenna Calibration Errors in the Measurement of the Sky-Averaged $\backslash$lambda 21 cm Signal at z\~{}20}",
  journal = {ArXiv e-prints},
archivePrefix = "arXiv",
   eprint = {1404.0887},
 keywords = {Astrophysics - Cosmology and Nongalactic Astrophysics},
     year = 2014,
    month = apr,
   adsurl = {http://adsabs.harvard.edu/abs/2014arXiv1404.0887B},
  adsnote = {Provided by the SAO/NASA Astrophysics Data System}
}

@ARTICLE{DAREMCMC,
   author = {{Harker}, G.~J.~A. and {Pritchard}, J.~R. and {Burns}, J.~O. and 
	{Bowman}, J.~D.},
    title = "{An MCMC approach to extracting the global 21-cm signal during the cosmic dawn from sky-averaged radio observations}",
  journal = {MNRAS},
archivePrefix = "arXiv",
   eprint = {1107.3154},
 primaryClass = "astro-ph.CO",
 keywords = {methods: statistical, cosmology: theory, diffuse radiation, radio lines: general},
     year = 2012,
    month = jan,
   volume = 419,
    pages = {1070-1084},
      doi = {10.1111/j.1365-2966.2011.19766.x},
   adsurl = {http://adsabs.harvard.edu/abs/2012MNRAS.419.1070H},
  adsnote = {Provided by the SAO/NASA Astrophysics Data System}
}